@phdthesis{umer11,
  author = {R. Umer},
  title =  {Machine learning approaches for the computer aided diagnosis and prediction of Alzheimer's disease based on clinical data},
  school = {Department of Computer Science, University of Georgia},
  year =   {2011}
}

@Article{podgorelec12,
  author = 	 "C. Podgorelec",
  title = 	 "Analyzing EEG signals with machine learning for diagnosing Alzheimer's disease",
  journal =	 "Elektronika IR Elektrotechnika",
  year =	 "2012",
  volume =	 "18",
  number =	 "8",
  pages =	 "61--64"
}